@article{Mitchell2009,
author = {Mitchell, Stuart},
journal = {Python Papers Monograph},
number = {14},
title = {{An Introduction to PuLP for Python Programmers}},
volume = {1},
year = {2009}
}

@article{Towhidi2016,
author = {Towhidi, Mehdi and Orban, Dominique},
journal = {Mathematical Programming Computation},
number = {4},
pages = {377--391},
title = {{Customizing the solution process of COIN-OR's linear solvers with Python}},
volume = {8},
year = {2016}
}

@article{Dunning2015,
author = {Dunning, Iain and Huchette, Joey and Lubin, Miles},
journal = {SIAM Review},
number = {2},
pages = {295--320},
title = {{JuMP: A Modeling Language for Mathematical Optimization}},
volume = {59},
year = {2017}
}

@book{Fourer1987,
author = {Fourer, Robert and Gay, David and Kernighan, Brian},
publisher = {AT {\&} T Bell Laboratories},
title = {{AMPL: A mathematical programming language}},
year = {1987}
}

@article{Bixby2002,
author = {Bixby, Robert E.},
journal = {Operations Research},
number = {1},
pages = {3--15},
title = {{Solving real-world linear programs: A decade and more of progress}},
volume = {50},
year = {2002}
}

@article{Miller1960,
author = {Miller, C. E. and Tucker, A. W. and Zemlin, R. A.},
file = {:home/haroldo/Documentos/IntegerProgramming/apps/Integer Programming Formulations of Traveling Salesman Problems.pdf:pdf},
issn = {1557735X},
journal = {Journal of the ACM (JACM)},
number = {4},
pages = {326--329},
title = {{Integer Programming Formulation of Traveling Salesman Problems}},
volume = {7},
year = {1960}
}

@article{Econ2018,
    title = "Python has brought computer programming to a vast new audience",
    journal = "The Economist",
    month = "July",
    year = "2018",
    url = "\url{https://www.economist.com/graphic-detail/2018/07/26/python-is-becoming-the-worlds-most-popular-coding-language}"
}
