@misc{MPT04,
    author={M. Kvasnica and P. Grieder and M. Baoti\'{c}},
    title={{Multi-Parametric Toolbox (MPT)}},
    url={http://control.ee.ethz.ch/~mpt/},
    year={2004}}


@article{Barber96toms,
    author={C. Bradford Barber, David P. Dobkin, Hannu Huhdanpa},
    title={The quickhull algorithm for convex hulls},
    journal={ACM Transactions on Mathematical Software (TOMS)},
    pages={469--483},
    volume={22},
    number={4},
    month={Dec},
    year={1996},
    doi={10.1145/235815.235821}}


@techreport{Jones04,
    author={Colin N. Jones and Eric C. Kerrigan and Jan M. Maciejowski},
    title={
        Equality Set Projection: A new algorithm for the projection of
        polytopes in halfspace representation},
    number={CUED/F-INFENG/TR.463},
    year={2004},
    institution={Cambridge},
    url={http://www-control.eng.cam.ac.uk/~cnj22/research/projection.html}}


@inproceedings{Aguilera04,
    author = {Aguilera, Antonio and P{\'{e}}rez-Aguila, Ricardo},
    title = {General n-dimensional rotations},
    booktitle = {WSCG' 2004 - 12-th International Conference in Central
        Europe on Computer Graphics, Visualization and Computer Vision},
    pages = {227},
    year = {2004},
    url = {http://hdl.handle.net/11025/6178}}
