@article{blochl,
  title = {Projector augmented-wave method},
  author = {Blochl, P. E.},
  journal = {Phys. Rev. B},
  volume = {50},
  issue = {24},
  pages = {17953--17979},
  numpages = {0},
  year = {1994},
  month = {Dec},
  publisher = {American Physical Society},
  doi = {10.1103/PhysRevB.50.17953},
  url = {https://link.aps.org/doi/10.1103/PhysRevB.50.17953}
}

@article{lany,
  title = {Assessment of correction methods for the band-gap problem and for finite-size effects in supercell defect calculations: Case studies for ZnO and GaAs},
  author = {Lany, Stephan and Zunger, Alex},
  journal = {Phys. Rev. B},
  volume = {78},
  issue = {23},
  pages = {235104},
  numpages = {25},
  year = {2008},
  month = {Dec},
  publisher = {American Physical Society},
  doi = {10.1103/PhysRevB.78.235104},
  url = {https://link.aps.org/doi/10.1103/PhysRevB.78.235104}
}

@article{slides,
  title = {VASP: Plane waves, the PAW method, and the Selfconsistency cycle},
  author = {Martijn Marsman},
  year = {2011},
  month = {July},
  publisher = {University Vienna}
}

@article{vasp,
  title = {Ab initio molecular dynamics for liquid metals},
  author = {Kresse, G. and Hafner, J.},
  journal = {Phys. Rev. B},
  volume = {47},
  issue = {1},
  pages = {558--561},
  numpages = {0},
  year = {1993},
  month = {Jan},
  publisher = {American Physical Society},
  doi = {10.1103/PhysRevB.47.558},
  url = {https://link.aps.org/doi/10.1103/PhysRevB.47.558}
}

@article{vasp1,
  title = {Ab initio molecular-dynamics simulation of the liquid-metal-amorphous-semiconductor transition in germanium},
  author = {Kresse, G. and Hafner, J.},
  journal = {Phys. Rev. B},
  volume = {49},
  issue = {20},
  pages = {14251--14269},
  numpages = {0},
  year = {1994},
  month = {May},
  publisher = {American Physical Society},
  doi = {10.1103/PhysRevB.49.14251},
  url = {https://link.aps.org/doi/10.1103/PhysRevB.49.14251}
}

@article{vasp2,
title = "Efficiency of ab-initio total energy calculations for metals and semiconductors using a plane-wave basis set",
journal = "Computational Materials Science",
volume = "6",
number = "1",
pages = "15 - 50",
year = "1996",
issn = "0927-0256",
doi = "https://doi.org/10.1016/0927-0256(96)00008-0",
url = "http://www.sciencedirect.com/science/article/pii/0927025696000080",
author = "G. Kresse and J. Furthmüller"
}

@article{vasp3,
  title = {Efficient iterative schemes for ab initio total-energy calculations using a plane-wave basis set},
  author = {Kresse, G. and Furthm\"uller, J.},
  journal = {Phys. Rev. B},
  volume = {54},
  issue = {16},
  pages = {11169--11186},
  numpages = {0},
  year = {1996},
  month = {Oct},
  publisher = {American Physical Society},
  doi = {10.1103/PhysRevB.54.11169},
  url = {https://link.aps.org/doi/10.1103/PhysRevB.54.11169}
}

@article{vasp4,
  title = {From ultrasoft pseudopotentials to the projector augmented-wave method},
  author = {Kresse, G. and Joubert, D.},
  journal = {Phys. Rev. B},
  volume = {59},
  issue = {3},
  pages = {1758--1775},
  numpages = {0},
  year = {1999},
  month = {Jan},
  publisher = {American Physical Society},
  doi = {10.1103/PhysRevB.59.1758},
  url = {https://link.aps.org/doi/10.1103/PhysRevB.59.1758}
}

@article{PhysRevLett.77.3865,
  title = {Generalized Gradient Approximation Made Simple},
  author = {Perdew, John P. and Burke, Kieron and Ernzerhof, Matthias},
  journal = {Phys. Rev. Lett.},
  volume = {77},
  issue = {18},
  pages = {3865--3868},
  numpages = {0},
  year = {1996},
  month = {Oct},
  publisher = {American Physical Society},
  doi = {10.1103/PhysRevLett.77.3865},
  url = {https://link.aps.org/doi/10.1103/PhysRevLett.77.3865}
}

@article{PhysRevLett.78.1396,
  title = {Generalized Gradient Approximation Made Simple [Phys. Rev. Lett. 77, 3865 (1996)]},
  author = {Perdew, John P. and Burke, Kieron and Ernzerhof, Matthias},
  journal = {Phys. Rev. Lett.},
  volume = {78},
  issue = {7},
  pages = {1396--1396},
  numpages = {0},
  year = {1997},
  month = {Feb},
  publisher = {American Physical Society},
  doi = {10.1103/PhysRevLett.78.1396},
  url = {https://link.aps.org/doi/10.1103/PhysRevLett.78.1396}
}

@article{TALMAN,
title = "NumSBT: A subroutine for calculating spherical Bessel transforms numerically",
journal = "Computer Physics Communications",
volume = "180",
number = "2",
pages = "332 - 338",
year = "2009",
issn = "0010-4655",
doi = "https://doi.org/10.1016/j.cpc.2008.10.003",
url = "http://www.sciencedirect.com/science/article/pii/S0010465508003329",
author = "J.D. Talman",
keywords = "Fourier transforms, Spherical Bessel functions, Hankel transforms"
}

@article{hierse_kernel,
author = {Hierse, W. and Oppeneer, P. M.},
doi = {10.1063/1.465372},
issn = {00219606},
journal = {The Journal of Chemical Physics},
number = {2},
pages = {1278--1287},
title = {{Unified kernel function approach to two-center integrations in quantum-chemical calculations}},
volume = {99},
year = {1993}
}

@article{gaunt_selection,
author = {Guseinov, I. I. and Mamedov, B. A.},
doi = {10.1016/j.theochem.2004.08.036},
issn = {01661280},
journal = {Journal of Molecular Structure: THEOCHEM},
keywords = {Clebsch-Gordan and Gaunt coefficients,Multicenter integrals,Slater type orbitals},
number = {1-3},
pages = {177--181},
title = {{Algorithm for the storage of Clebsch-Gordan and Gaunt coefficients with the same selection rule and its application to multicenter integrals}},
volume = {715},
year = {2005}
}

@article{scdmk,
archivePrefix = {arXiv},
arxivId = {1507.03354},
author = {Damle, Anil and Lin, Lin and Ying, Lexing},
doi = {10.1016/j.jcp.2016.12.053},
eprint = {1507.03354},
issn = {10902716},
journal = {Journal of Computational Physics},
keywords = {Brillouin zone sampling,Density matrix,Interpolative decomposition,Kohn–Sham density functional theory,Localized orbitals},
pages = {1--15},
title = {{SCDM-k: Localized orbitals for solids via selected columns of the density matrix}},
volume = {334},
year = {2017}
}

@article{scdm,
archivePrefix = {arXiv},
arxivId = {1408.4926},
author = {Damle, Anil and Lin, Lin and Ying, Lexing},
doi = {10.1021/ct500985f},
eprint = {1408.4926},
issn = {15499626},
journal = {Journal of Chemical Theory and Computation},
number = {4},
pages = {1463--1469},
title = {{Compressed representation of Kohn-Sham orbitals via selected columns of the density matrix}},
volume = {11},
year = {2015}
}

@misc{ggaerr,
abstract = {Phys. Rev. Lett. 77, 3865 (1996).},
archivePrefix = {arXiv},
arxivId = {10.1016/0927-0256(96)00008},
author = {Perdew, John P. and Burke, Kieron and Ernzerhof, Matthias},
booktitle = {Physical Review Letters},
doi = {10.1103/PhysRevLett.78.1396},
eprint = {0927-0256(96)00008},
isbn = {0031-9007},
issn = {00319007},
number = {8},
pages = {1396},
pmid = {10062328},
primaryClass = {10.1016},
title = {{Erratum: Generalized gradient approximation made simple (Physical Review Letters (1996) 77 (3865))}},
volume = {78},
year = {1997}
}

@article{gga,
abstract = {. John P. Perdew, Kieron Burke, and Matthias Ernzerhof Department of Physics and Quantum},
author = {Perdew, J. P. and Ernzerhof, M. and Burke, K.},
doi = {10.1103/PhysRevLett.77.3865},
isbn = {9780596529321},
issn = {1079-7114},
journal = {Phys. Rev. Lett.},
pages = {3865--3868},
pmid = {10062328},
title = {{Generalized gradient approximation made simple}},
volume = {77},
year = {1996}
}
