@article{Meurer2017,
  doi = {10.7717/peerj-cs.103},
  url = {https://doi.org/10.7717/peerj-cs.103},
  year  = {2017},
  month = {jan},
  publisher = {{PeerJ}},
  volume = {3},
  pages = {e103},
  author = {Aaron Meurer and Christopher P. Smith and Mateusz Paprocki and Ond{\v{r}}ej {\v{C}}ert{\'{\i}}k and Sergey B. Kirpichev and Matthew Rocklin and AMiT Kumar and Sergiu Ivanov and Jason K. Moore and Sartaj Singh and Thilina Rathnayake and Sean Vig and Brian E. Granger and Richard P. Muller and Francesco Bonazzi and Harsh Gupta and Shivam Vats and Fredrik Johansson and Fabian Pedregosa and Matthew J. Curry and Andy R. Terrel and {\v{S}}t{\v{e}}p{\'{a}}n Rou{\v{c}}ka and Ashutosh Saboo and Isuru Fernando and Sumith Kulal and Robert Cimrman and Anthony Scopatz},
  title = {{SymPy}: symbolic computing in Python},
  journal = {{PeerJ} Computer Science}
}

@article{hindmarsh2005sundials,
  title={SUNDIALS: Suite of nonlinear and differential/algebraic equation solvers},
  author={Hindmarsh, Alan C and Brown, Peter N and Grant, Keith E and Lee, Steven L and Serban, Radu and Shumaker, Dan E and Woodward, Carol S},
  journal={ACM Transactions on Mathematical Software (TOMS)},
  volume={31},
  number={3},
  pages={363--396},
  year={2005},
  publisher={ACM}
}
                  
@book{galassi_gnu_2009,
	address = {s.l.},
	edition = {3. ed., for GSL version 1.12, 1. print},
	series = {A {GNU} manual},
	title = {{GNU} scientific library: reference manual},
	isbn = {978-0-9546120-7-8},
	shorttitle = {{GNU} scientific library},
	language = {eng},
	publisher = {Network Theory},
	editor = {Galassi, Mark},
	year = {2009},
	note = {OCLC: 552301619},
	annote = {Literaturangaben}
}
                  
@inproceedings{Ahnert2011,
  doi = {10.1063/1.3637934},
  url = {https://doi.org/10.1063/1.3637934},
  year  = {2011},
  publisher = {{AIP}},
  author = {Karsten Ahnert and Mario Mulansky and Theodore E. Simos and George Psihoyios and Ch. Tsitouras and Zacharias Anastassi},
  title = {Odeint - Solving Ordinary Differential Equations in C++}
}